<?xml version="1.0" encoding="UTF-8"?><collection xmlns="http://www.loc.gov/MARC21/slim"><record><leader>00630nam--2200193-i-4500</leader><controlfield tag="001">000009462</controlfield><controlfield tag="002">20161230</controlfield><controlfield tag="005">20161230201028</controlfield><controlfield tag="008">060222s1000------------r-----000-0-eng-d</controlfield><datafield ind1=" " ind2=" " tag="020"><subfield code="a">0444852727</subfield></datafield><datafield ind1=" " ind2=" " tag="080"><subfield code="a">548.4:538.913</subfield></datafield><datafield ind1="1" ind2=" " tag="100"><subfield code="a">Farge, Yves</subfield></datafield><datafield ind1="1" ind2="0" tag="245"><subfield code="a">Electronic and vibrational properties of point defects in ionic crystals</subfield><subfield code="b">Defects in crystalline solids volume 11</subfield><subfield code="c">Yves farge, marco p. fontana</subfield></datafield><datafield ind1=" " ind2=" " tag="260"><subfield code="a">Amsterdam</subfield><subfield code="b">North-holland Publishing Company</subfield><subfield code="c">1979</subfield></datafield><datafield ind1=" " ind2=" " tag="300"><subfield code="a">XV+263P</subfield></datafield><datafield ind1=" " ind2=" " tag="490"><subfield code="a">Defects In Crystalline Solids</subfield></datafield><datafield ind1="1" ind2=" " tag="700"><subfield code="a">Fontana, Marco P</subfield></datafield><datafield ind1=" " ind2=" " tag="852"><subfield code="a">33839</subfield><subfield code="c">539.2</subfield></datafield><datafield ind1=" " ind2=" " tag="CAT"><subfield code="a">Sys</subfield><subfield code="c">20121018</subfield><subfield code="h">120851</subfield></datafield></record></collection>